
    <zs:record>
      <zs:recordSchema/>
      <zs:recordPacking>xml</zs:recordPacking>
      <zs:recordData>
        <record xmlns="http://www.loc.gov/MARC21/slim">
          <leader>03308cam a22004931a 4500</leader>
          <controlfield tag="001">7898779</controlfield>
          <controlfield tag="005">20120428094147.0</controlfield>
          <controlfield tag="008">880524s1928    enk           000 0 eng  </controlfield>
          <datafield tag="035" ind1=" " ind2=" ">
            <subfield code="9">(DLC)   50053831</subfield>
          </datafield>
          <datafield tag="906" ind1=" " ind2=" ">
            <subfield code="a">7</subfield>
            <subfield code="b">cbc</subfield>
            <subfield code="c">oclcrpl</subfield>
            <subfield code="d">u</subfield>
            <subfield code="e">ncip</subfield>
            <subfield code="f">19</subfield>
            <subfield code="g">y-gencatlg</subfield>
          </datafield>
          <datafield tag="010" ind1=" " ind2=" ">
            <subfield code="a">   50053831 </subfield>
          </datafield>
          <datafield tag="035" ind1=" " ind2=" ">
            <subfield code="a">(OCoLC)17995706</subfield>
          </datafield>
          <datafield tag="040" ind1=" " ind2=" ">
            <subfield code="a">DLC</subfield>
            <subfield code="c">DGU</subfield>
            <subfield code="d">DGU</subfield>
            <subfield code="d">DLC</subfield>
          </datafield>
          <datafield tag="042" ind1=" " ind2=" ">
            <subfield code="a">premarc</subfield>
          </datafield>
          <datafield tag="043" ind1=" " ind2=" ">
            <subfield code="a">e-uk-en</subfield>
          </datafield>
          <datafield tag="050" ind1="0" ind2="0">
            <subfield code="a">AC5</subfield>
            <subfield code="b">.L79</subfield>
          </datafield>
          <datafield tag="110" ind1="2" ind2=" ">
            <subfield code="a">University College, London.</subfield>
          </datafield>
          <datafield tag="245" ind1="1" ind2="0">
            <subfield code="a">Centenary addresses :</subfield>
            <subfield code="b">bound together in one volume /</subfield>
            <subfield code="c">University of London, University College ; with a preface by R.W. Chambers.</subfield>
          </datafield>
          <datafield tag="260" ind1=" " ind2=" ">
            <subfield code="a">London :</subfield>
            <subfield code="b">University of London Press,</subfield>
            <subfield code="c">[1928?]</subfield>
          </datafield>
          <datafield tag="300" ind1=" " ind2=" ">
            <subfield code="a">1 v. (various pagings) ;</subfield>
            <subfield code="c">23 cm.</subfield>
          </datafield>
          <datafield tag="490" ind1="1" ind2=" ">
            <subfield code="a">University College centenary celebrations ;</subfield>
            <subfield code="v">1-12</subfield>
          </datafield>
          <datafield tag="500" ind1=" " ind2=" ">
            <subfield code="a">Each addresses has separate t.p. and separate paging.</subfield>
          </datafield>
          <datafield tag="500" ind1=" " ind2=" ">
            <subfield code="a">"Bound up in cloth in 1928 ... and published as Centenary addresses."  cf. Sullivan, J.  G.K. Chesterton, 72.</subfield>
          </datafield>
          <datafield tag="510" ind1="4" ind2=" ">
            <subfield code="a">Sullivan, J.  G.K. Chesterton,</subfield>
            <subfield code="c">356</subfield>
          </datafield>
          <datafield tag="505" ind1="0" ind2=" ">
            <subfield code="a">A century of physiology / Ernest H. Starling -- A century's progress in physics / Sir Oliver Lodge -- Philologists at University College / R.W. Chambers -- University College, London, and medical education / Sir John Rose Bradford -- A hundred years of electrical engineering / J.A. Fleming -- A century of chemistry at University College / J. Norman Collie -- Culture and the coming peril / Gilbert K. Chesterton --</subfield>
          </datafield>
          <datafield tag="500" ind1=" " ind2=" ">
            <subfield code="a">(cont.) A century of jurisprudence / J.E.G. de Montmorency --Thanksgiving service in Westminster Abbey: Sermon by the Right Rev. the Lord Bishop of Manchester [i.e. William Temple], together with the order of service -- Our universities / H.A.L. Fisher -- "These hundred years" / Sir Gregory Foster -- "Our inheritance": University College, London, 1827-1927 / Mary Brodrick.</subfield>
          </datafield>
          <datafield tag="650" ind1=" " ind2="0">
            <subfield code="a">Speeches, addresses, etc., English.</subfield>
          </datafield>
          <datafield tag="610" ind1="2" ind2="0">
            <subfield code="a">Universities and colleges</subfield>
            <subfield code="z">England.</subfield>
          </datafield>
          <datafield tag="700" ind1="1" ind2=" ">
            <subfield code="a">Chambers, R. W.</subfield>
            <subfield code="q">(Raymond Wilson),</subfield>
            <subfield code="d">1874-1942.</subfield>
          </datafield>
          <datafield tag="700" ind1="1" ind2="2">
            <subfield code="a">Starling, Ernest Henry,</subfield>
            <subfield code="d">1866-1927.</subfield>
            <subfield code="t">Century of physiology.</subfield>
            <subfield code="f">1928.</subfield>
          </datafield>
          <datafield tag="700" ind1="1" ind2="2">
            <subfield code="a">Lodge, Oliver,</subfield>
            <subfield code="c">Sir,</subfield>
            <subfield code="d">1851-1940.</subfield>
            <subfield code="t">Century's progress in physics.</subfield>
            <subfield code="f">1928.</subfield>
          </datafield>
          <datafield tag="700" ind1="1" ind2="2">
            <subfield code="a">Chambers, R. W.</subfield>
            <subfield code="q">(Raymond Wilson),</subfield>
            <subfield code="d">1874-1942.</subfield>
            <subfield code="t">Philologists at University College.</subfield>
            <subfield code="f">1928.</subfield>
          </datafield>
          <datafield tag="700" ind1="1" ind2="2">
            <subfield code="a">Bradford, John Rose.</subfield>
            <subfield code="t">University College, London, and medical education.</subfield>
            <subfield code="f">1928.</subfield>
          </datafield>
          <datafield tag="700" ind1="1" ind2="2">
            <subfield code="a">Fleming, J. A.</subfield>
            <subfield code="q">(John Ambrose),</subfield>
            <subfield code="c">Sir,</subfield>
            <subfield code="d">1849-1945.</subfield>
            <subfield code="t">Hundred years of electrical engineering.</subfield>
            <subfield code="f">1928.</subfield>
          </datafield>
          <datafield tag="700" ind1="1" ind2="2">
            <subfield code="a">Collie, J. Norman</subfield>
            <subfield code="q">(John Norman),</subfield>
            <subfield code="d">1859-1942.</subfield>
            <subfield code="t">Century of chemistry at University College.</subfield>
            <subfield code="f">1928.</subfield>
          </datafield>
          <datafield tag="700" ind1="1" ind2="2">
            <subfield code="a">Chesterton, G. K.</subfield>
            <subfield code="q">(Gilbert Keith),</subfield>
            <subfield code="d">1874-1936.</subfield>
            <subfield code="t">Culture and the coming peril.</subfield>
            <subfield code="f">1928.</subfield>
          </datafield>
          <datafield tag="700" ind1="1" ind2="2">
            <subfield code="a">De Montmorency, James Edward Geoffrey,</subfield>
            <subfield code="d">1866-1934.</subfield>
            <subfield code="t">Century of jurisprudence.</subfield>
            <subfield code="f">1928.</subfield>
          </datafield>
          <datafield tag="700" ind1="1" ind2="2">
            <subfield code="a">Temple, William,</subfield>
            <subfield code="d">1881-1944.</subfield>
            <subfield code="t">Sermon.</subfield>
            <subfield code="f">1928.</subfield>
          </datafield>
          <datafield tag="700" ind1="1" ind2="2">
            <subfield code="a">Fisher, H. A. L.</subfield>
            <subfield code="q">(Herbert Albert Laurens),</subfield>
            <subfield code="d">1865-1940.</subfield>
            <subfield code="t">Our universities.</subfield>
            <subfield code="f">1928.</subfield>
          </datafield>
          <datafield tag="700" ind1="1" ind2="2">
            <subfield code="a">Foster, Gregory.</subfield>
            <subfield code="t">These hundred years.</subfield>
            <subfield code="f">1928.</subfield>
          </datafield>
          <datafield tag="700" ind1="1" ind2="2">
            <subfield code="a">Brodrick, M.</subfield>
            <subfield code="t">Our inheritance, University College, London, 1827-1927.</subfield>
            <subfield code="f">1928.</subfield>
          </datafield>
          <datafield tag="810" ind1="2" ind2=" ">
            <subfield code="a">University College, London.</subfield>
            <subfield code="t">University College centenary celebrations ;</subfield>
            <subfield code="v">1-12</subfield>
          </datafield>
          <datafield tag="985" ind1=" " ind2=" ">
            <subfield code="e">OCLC REPLACEMENT cdsdistr</subfield>
          </datafield>
          <datafield tag="991" ind1=" " ind2=" ">
            <subfield code="b">c-GenColl</subfield>
            <subfield code="h">AC5</subfield>
            <subfield code="i">.L79</subfield>
            <subfield code="t">Copy 1</subfield>
            <subfield code="w">OCLCREP</subfield>
          </datafield>
        </record>
      </zs:recordData>
      <zs:recordPosition>9</zs:recordPosition>
    </zs:record>
  </zs:records>
  <zs:echoedSearchRetrieveRequest>
    <zs:version>1.1</zs:version>
    <zs:query>dc.creator="Brodrick, M." or dc.creator="Brodrick, Mary" or dc.creator="Broderick, Mary"</zs:query>
    <zs:maximumRecords>100</zs:maximumRecords>
    <zs:recordPacking>xml</zs:recordPacking>
  </zs:echoedSearchRetrieveRequest>
</zs:searchRetrieveResponse>
